@article{applSciLawande,
  author={Lawande, Sharmad Rajnish and Jasmine, Graceline and Anbarasi, Jani and Izhar, Lila Iznita},
  title={A Systematic Review and Analysis of Intelligence-Based Pathfinding Algorithms in the Field of Video Games},
  journal={Applied Sciences},
  year={2022},
  volume={12},
  number={11},
  doi={10.3390/app12115499},
  issn={2076-3417}
}

@thesis{ortutayBSc,
  author={Ortutay, Botond},
  title={Polunetsintäalgoritmit (väliaikainen otsikko)},
  type={bathesis},
  institution={University of Turku},
  year={2023},  
  language={langfinnish},
  pubstate={inpreparation},
  url={https://github.com/gitond/bsc_thesis_data_structure/blob/main/latex/thesis.pdf},
  urldate={2023-05-06},
}
